@misc{twitter_verified_accounts,
	title = {About verified accounts},
	publisher = {Twitter},
	url = {https://help.twitter.com/en/managing-your-account/about-twitter-verified-accounts},
}
@misc{ccpa2018,
	title = {California Consumer Privacy Act of 2018},
	year = 2018,
	publisher = {State of California},
	url = {http://leginfo.legislature.ca.gov/faces/codes_displayText.xhtml?division=3.&part=4.&lawCode=CIV&title=1.81.5},
}
@misc{gdpr2016,
	title = {General Data Protection Regulation},
	year = 2016,
	publisher = {Official Journal of the European Union},
	url = {https://eur-lex.europa.eu/legal-content/EN/TXT/?uri=CELEX:32016R0679},
}
@misc{gnosissafe,
	title = {Gnosis Safe},
	publisher = {Gnosis Limited},
	url = {https://gnosis-safe.io/},
}
@misc{whisper-how,
	title = {How to Whisper},
	url = {https://geth.ethereum.org/docs/whisper/how-to-whisper},
}
@misc{lgpd2019,
	title = {Lei Geral de Proteção de Dados Pessoais},
	year = 2019,
	publisher = {Brazil},
	url = {http://www.planalto.gov.br/ccivil_03/_ato2015-2018/2018/Lei/L13709.htm},
}
@misc{metamask_doc,
	title = {MetaMask Documentation: RPC API},
	url = {https://docs.metamask.io/guide/rpc-api.html},
}
@misc{openzeppelin,
	title = {OpenZeppelin},
	publisher = {zOS Global Limited},
	url = {https://openzeppelin.com/},
}
@misc{pirk,
	title = {Pirk Proposal},
	publisher = {Apache Software Foundation},
	url = {https://cwiki.apache.org/confluence/display/incubator/PirkProposal},
}
@article{psychology_today_2017,
	title = {Social Media Is Harmful to Your Brain and Relationships},
	year = 2017,
	month = oct,
	journal = {Psychology Today},
	publisher = {Sussex Publishers},
	url = {https://www.psychologytoday.com/us/blog/obesely-speaking/201710/social-media-is-harmful-your-brain-and-relationships},
}
@misc{unilogin,
	title = {UniLogin},
	url = {https://github.com/UniLogin/UniLogin},
}
@misc{whisper,
	title = {Whisper Protocol},
	url = {https://geth.ethereum.org/docs/whisper/whisper-overview},
}
@article{al-dahhan2019,
	title = {Survey on Revocation in Ciphertext-Policy Attribute-Based Encryption},
	author = {Al-Dahhan, Ruqayah R. and Shi, Qi and Lee, Gyu Myoung and Kifayat, Kashif},
	journal = {Sensors},
	address = {Basel, Switzerland},
	volume = 19,
	number = 7,
	doi = {10.3390/s19071695},
	url = {https://www.ncbi.nlm.nih.gov/pmc/articles/PMC6479996/pdf/sensors-19-01695.pdf},
	date = {2019-04},
}
@article{ateniese2006a,
	title = {Improved proxy re-encryption schemes with applications to secure distributed storage},
	author = {Ateniese, Giuseppe and Fu, Kevin and Green, Matthew Daniel and Hohenberger, Susan},
	journal = {ACM Transactions on Information and System Security},
	volume = 9,
	number = 1,
	doi = {10.1145/1127345.1127346},
	url = {https://doi.org/10.1145/1127345.1127346},
	date = {2006-02},
}
@article{nacl,
	title = {The security impact of a new cryptographic library},
	author = {Bernstein, Daniel and Lange, Tanja and Schwabe, Peter},
	year = 2012,
	journal = {Progress in Cryptology--LATINCRYPT 2012},
	publisher = {Springer},
	pages = {159--176},
}
@article{eip712,
	title = {EIP-712: Ethereum Typed Structured Data Hashing and Signing [DRAFT]},
	author = {Bloemen, Remco and Logvinov, Leonid and Evans, Jacob},
	journal = {Ethereum Improvement Proposals},
	volume = {no. 712},
	url = {https://eips.ethereum.org/EIPS/eip-712},
	note = {[Online serial]},
	date = {2017-09},
}
@article{bünz2020,
	title = {Zether: Towards Privacy in a Smart Contract World},
	author = {Bünz, Benedikt and Agrawal, Shashank and Zamani, Mahdi and Boneh, Dan},
	year = 2020,
	journal = {Financial Cryptography and Data Security Lecture Notes in Computer Science},
	pages = {423–443},
	doi = {10.1007/978-3-030-51280-4_23},
	url = {https://crypto.stanford.edu/~buenz/papers/zether.pdf},
}
@misc{cheng2020,
	title = {Talek: Private Group Messaging with Hidden Access Patterns},
	author = {Cheng, Raymond and Scott, William and Masserova, Elisaweta and Zhang, Irene and Goyal, Vipul and Anderson, Thomas and Krishnamurthy, Arvind and Parno, Bryan},
	journal = {arXiv preprint},
	date = 2020,
	arxiv = {2001.08250},
}
@phdthesis{diebold2017,
	title = {Self-Sovereign Identity using Smart Contracts on the Ethereum Blockchain},
	author = {Diebold, Zachary},
	url = {https://www.scss.tcd.ie/publications/theses/diss/2017/TCD-SCSS-DISSERTATION-2017-016.pdf},
	date = {2017-05},
	school = {Thesis-University of Dublin, Trinity College},
}
@article{diffie-hellman1976,
	title = {New directions in cryptography},
	author = {Diffie, W. and Hellman, M.},
	year = 1976,
	journal = {IEEE Transactions on Information Theory},
	volume = 22,
	number = 6,
	pages = {644–654},
	doi = {10.1109/tit.1976.1055638},
}
@article{el2020,
	title = {Optimized and secure pairing-friendly elliptic curves suitable for one layer proof composition.},
	author = {El Housni, Youssef and Guillevic, Aurore},
	year = 2020,
	journal = {IACR Cryptol. ePrint Arch.},
	pages = 351,
}
@inproceedings{ge2019,
	title = {Identity-based broadcast encryption with efficient revocation},
	author = {Ge, Aijun and Wei, Puwen},
	year = 2019,
	booktitle = {IACR International Workshop on Public Key Cryptography},
	pages = {405--435},
	url = {https://eprint.iacr.org/2019/038.pdf},
	organization = {Springer},
}
@misc{green2018,
	title = {Should you use SRP?},
	author = {Green, Matthew},
	url = {https://blog.cryptographyengineering.com/should-you-use-srp/},
	date = {2018-10},
}
@misc{hashemi2017,
	title = {The Infrastructure Behind Twitter: Scale},
	author = {Hashemi, Mazdak},
	publisher = {Twitter Engineering Blog},
	url = {https://blog.twitter.com/engineering/en_us/topics/infrastructure/2017/the-infrastructure-behind-twitter-scale.html},
	date = {2017-01},
}
@article{henry2018,
	title = {Blockchain Access Privacy: Challenges and Directions},
	author = {Henry, Ryan and Herzberg, Amir and Kate, Aniket},
	year = 2018,
	journal = {IEEE Security \& Privacy},
	volume = 16,
	number = 4,
	pages = {38–45},
	doi = {10.1109/MSP.2018.3111245},
}
@online{json-web-encryption,
	title = {{JSON} Web Encryption ({JWE})},
	author = {Hildebrand, Joe and Jones, Michael},
	url = {https://tools.ietf.org/html/rfc7516},
	meta = {Request for Comments: 7516},
	date = {2015-05},
}
@misc{ugander2011,
	title = {The Anatomy of the Facebook Social Graph},
	author = {Johan Ugander and Brian Karrer and Lars Backstrom and Cameron Marlow},
	date = {2011-11-18},
	eprint = {arXiv:1111.4503},
}
@article{eip173,
	title = {EIP-173: Contract Ownership Standard [DRAFT]},
	author = {Mudge, Nick and Finlay, Dan},
	journal = {Ethereum Improvement Proposals},
	volume = {no. 173},
	url = {https://eips.ethereum.org/EIPS/eip-173},
	note = {[Online serial]},
	date = {2018-06},
}
@article{omara2020,
	title = {The Messaging Layer Security (MLS) Architecture [Draft]},
	author = {Omara, E. and Beurdouche, B. and Rescorla, E. and Inguva, S. and Kwon, A. and Duric, A.},
	publisher = {IETF Network Working Group},
	url = {https://messaginglayersecurity.rocks/mls-architecture/draft-ietf-mls-architecture.html},
	date = {2020-07},
}
@misc{anon_terminology,
	title = {A terminology for talking about privacy by data minimization: Anonymity, Unlinkability, Undetectability, Unobservability, Pseudonymity, and Identity Management},
	author = {Pfitzmann, Andreas and Hansen, Marit},
	url = {http://dud.inf.tu-dresden.de/literatur/Anon\_Terminology\_v0.34.pdf},
	note = {v0.34},
	date = {2010-09},
}
@article{raikwar2019,
	title = {SoK of used cryptography in blockchain},
	author = {Raikwar, Mayank and Gligoroski, Danilo and Kralevska, Katina},
	year = 2019,
	journal = {IEEE Access},
	publisher = {IEEE},
	volume = 7,
	pages = {148550--148575},
}
@article{eip1078,
	title = {EIP-1078: Universal Login/Signup Using ENS Subdomains [DRAFT]},
	author = {Sande, Van and Alex},
	journal = {Ethereum Improvement Proposals},
	volume = {no. 1078},
	url = {https://eips.ethereum.org/EIPS/eip-1078},
	note = {[Online serial]},
	date = {2018-05},
}
@booklet{nakamoto,
	title = {{Bitcoin: A Peer-to-peer Electronic Cash System.}},
	author = {Satoshi Nakamoto},
	year = 2008,
	month = oct,
	howpublished = {\url{https://bitcoin.org/bitcoin.pdf}},
}
@article{eip1271,
	title = {EIP-1271: Standard Signature Validation Method for Contracts [DRAFT]},
	author = {Thorstensson, Joel},
	journal = {Ethereum Improvement Proposals},
	volume = {no. 1271},
	url = {https://eips.ethereum.org/EIPS/eip-1271},
	note = {[Online serial]},
	date = {2018-07},
}
@article{eip2844,
	title = {EIP-2844: Add DID related methods to the JSON-RPC [DRAFT]},
	author = {Thorstensson, Joel},
	journal = {Ethereum Improvement Proposals},
	volume = {no. 2844},
	url = {https://eips.ethereum.org/EIPS/eip-2844},
	note = {[Online serial]},
	date = {2020-08},
}
@book{swarm,
	title = {The Book of Swarm},
	author = {Viktor Trón},
	url = {https://swarm-gateways.net/bzz:/latest.bookofswarm.eth/the-book-of-swarm.pdf},
	note = {v1.0pre-release6},
	date = {2020-09-10},
}
@article{erc20,
	title = {ERC-20 Token Standard},
	author = {Vogelsteller, Fabian and Buterin, Vitalik},
	url = {https://github.com/ethereum/EIPs/blob/master/EIPS/eip-20.md},
	date = {2015-11},
}
@misc{0xwhitepaper,
	title = {0x: An open protocol for decentralized exchange on the Ethereum blockchain},
	author = {Warren, Will and Bandeali, Amir},
	url = {https://github.com/0xProject/whitepaper},
	date = {2017-02},
}
@article{activitypub,
	title = {ActivityPub},
	author = {Webber, Christopher Lemmer and Tallon, Jessica and Shepherd, Erin and Guy, Amy and Prodromou, Evan},
	journal = {W3C Recommendation, Social Web Working Group},
	url = {https://www.w3.org/TR/activitypub/},
	date = {2018-01-23},
}
@article{williams2019,
	title = {Arweave: A Protocol for Economically Sustainable Information Permanence},
	author = {Williams, Same and Diordiiev, Viktor and Berman, Lev and Rayboul, India and Uemlianin, Ivan},
	url = {https://www.arweave.org/yellow-paper.pdf},
	date = {2019-11},
}
@misc{ethereumyellow,
	title = {Ethereum: A Secure Decentralised Generalised Transaction Ledger},
	author = {Wood, Gavin},
	url = {https://ethereum.github.io/yellowpaper/paper.pdf},
	note = {Petersburg Version 3e2c089},
	date = {2020-09-05},
}
